@article{bair2006prediction,
  title={Prediction by supervised principal components},
  author={Bair, Eric and Hastie, Trevor and Paul, Debashis and Tibshirani, Robert},
  journal={Journal of the American Statistical Association},
  volume={101},
  number={473},
  year={2006}
}
@incollection{townsend1993mechanical,
  title={Mechanical design for whole-arm manipulation},
  author={Townsend, William T and Salisbury, J Kenneth},
  booktitle={Robots and Biological Systems: Towards a New Bionics?},
  pages={153--164},
  year={1993},
  publisher={Springer}
}
@article{miller2004graspit,
  title={Graspit! a versatile simulator for robotic grasping},
  author={Miller, Andrew T and Allen, Peter K},
  journal={Robotics \& Automation Magazine, IEEE},
  volume={11},
  number={4},
  pages={110--122},
  year={2004},
  publisher={IEEE}
}
@article{townsend2000barretthand,
  title={The BarrettHand grasper--programmably flexible part handling and assembly},
  author={Townsend, William},
  journal={Industrial Robot: An International Journal},
  volume={27},
  number={3},
  pages={181--188},
  year={2000},
  publisher={MCB UP Ltd}
}
@inproceedings{goldfeder2009columbia,
  title={The columbia grasp database},
  author={Goldfeder, Corey and Ciocarlie, Matei and Dang, Hao and Allen, Peter K},
  booktitle={Robotics and Automation (ICRA), Proceedings of the 2009 IEEE International Conference on},
  pages={1710--1716},
  year={2009},
}
@inproceedings{sawasaki1989tumbling,
  title={Tumbling objects using a multi-fingered robot},
  author={Sawasaki, N and Inaba, M and Inoue, H},
  booktitle={Proceedings of the 20th International Symposium on Industrial Robots and Robot Exhibition},
  pages={609--616},
  year={1989}
}
@article{pan2010survey,
  title={A survey on transfer learning},
  author={Pan, Sinno Jialin and Yang, Qiang},
  journal={Knowledge and Data Engineering, IEEE Transactions on},
  volume={22},
  number={10},
  pages={1345--1359},
  year={2010},
  publisher={IEEE}
}
@article{chun2010sparse,
  title={Sparse partial least squares regression for simultaneous dimension reduction and variable selection},
  author={Chun, Hyonho and Kele{\c{s}}, S{\"u}nd{\"u}z},
  journal={Journal of the Royal Statistical Society: Series B (Statistical Methodology)},
  volume={72},
  number={1},
  pages={3--25},
  year={2010},
  publisher={Wiley Online Library}
}
@misc{wam_specs,
  author = {Barrett Technology},
  title = {WAM Internal PC/104 Configuration},
  year = {2012},
  howpublished = {\url{http://barrett.com:8080/wiki/Libbarrett}},
  note = {Accessed: 2014-09-30}
}
@misc{libbarrett,
  author = {Barrett Technology},
  title = {Libbarrett},
  year = {2011},
  howpublished = {\url{http://support.barrett.com:8080/wiki/WAM/InternalPC104Setup}},
  note = {Accessed: 2014-09-30}
}
@inproceedings{pais2013learning,
  title={Learning Robot Skills Through Motion Segmentation and Constraints Extraction},
  author={Pais, Lucia and Umezawa, Keisuke and Nakamura, Yoshihiko and Billard, Aude},
  booktitle={HRI Workshop on Collaborative Manipulation},
  year={2013}
}
@inproceedings{hornung2014anomaly,
  title={Model-free robot anomaly detection},
  author={Rachel Hornung and Holger Urbanek and Julian Klodmann and Christian Osendorfer and Patrick van der Smagt},
  booktitle={Intelligent Robots and Systems (IROS), Proceedings of the 2014 IEEE/RSJ     International Conference on},
  pages={3676--3683},
  year={2014},
}
@article{huang2006ga,
  title={A GA-based feature selection and parameters optimizationfor support vector machines},
  author={Huang, Cheng-Lung and Wang, Chieh-Jen},
  journal={Expert Systems with applications},
  volume={31},
  number={2},
  pages={231--240},
  year={2006},
  publisher={Elsevier}
}
@article{mitra2002unsupervised,
  title={Unsupervised feature selection using feature similarity},
  author={Mitra, Pabitra and Murthy, CA and Pal, Sankar K.},
  journal={IEEE transactions on pattern analysis and machine intelligence},
  volume={24},
  number={3},
  pages={301--312},
  year={2002},
  publisher={Institute of Electrical and Electronic Engineers}
}
@CONFERENCE{Neumann13,
author = {Gerhard Neumann},
title = {Introduction by the organizers},
booktitle = {Workshop: Novel Methods for Learning and Optimization of Control Policies and          Trajectories for Robotics (ICRA)},
year = {2013}
}
//even-driven dim-reduction
@inproceedings{wu2004online,
  title={Online event-driven subsequence matching over financial data streams},
  author={Wu, Huanmei and Salzberg, Betty and Zhang, Donghui},
  booktitle={Proceedings of the 2004 ACM SIGMOD international conference on Management of data},
  pages={23--34},
  year={2004},
}
//unsupervised dim-reduction techniques
@techreport{ghahramani1996algorithm,
  title={The EM algorithm for mixtures of factor analyzers},
  author={Ghahramani, Zoubin and Hinton, Geoffrey E and others},
  year={1996},
  institution={Technical Report CRG-TR-96-1, University of Toronto}
}
@article{saul2003think,
  title={Think globally, fit locally: unsupervised learning of low dimensional manifolds},
  author={Saul, Lawrence K and Roweis, Sam T},
  journal={The Journal of Machine Learning Research},
  volume={4},
  pages={119--155},
  year={2003},
  publisher={JMLR.org}
}
@article{tenenbaum2000global,
  title={A global geometric framework for nonlinear dimensionality reduction},
  author={Tenenbaum, Joshua B and De Silva, Vin and Langford, John C},
  journal={Science},
  volume={290},
  number={5500},
  pages={2319--2323},
  year={2000},
  publisher={American Association for the Advancement of Science}
}
@inproceedings{hein2010unsupervised,
  title={Unsupervised detection of motion primitives in very high dimensional sensor data},
  author={Hein, Albert and Kirste, Thomas},
  booktitle={Proceedings of the 5th Workshop on Behaviour Monitoring and Interpretation, BMI},
  year={2010}
}
//self-supervised dim-reduction techniques
@inproceedings{angelova2007dimensionality,
  title={Dimensionality Reduction Using Automatic Supervision for Vision-Based Terrain Learning.},
  author={Angelova, Anelia and Matthies, Larry and Helmick, Daniel M and Perona, Pietro},
  booktitle={Proc. Robotics: Science and Systems},
  year={2007},
}
@inproceedings{dahlkamp2006self,
  title={Self-supervised Monocular Road Detection in Desert Terrain.},
  author={Dahlkamp, Hendrik and Kaehler, Adrian and Stavens, David and Thrun, Sebastian and Bradski, Gary R},
  booktitle={Proc. Robotics: Science and Systems},
  volume={38},
  year={2006}
}
@inproceedings{lieb2005adaptive,
  title={Adaptive Road Following using Self-Supervised Learning and Reverse Optical Flow.},
  author={Lieb, David and Lookingbill, Andrew and Thrun, Sebastian},
  booktitle={Proc. Robotics: Science and Systems},
  pages={273--280},
  year={2005}
}
@article{sofman2006improving,
  title={Improving robot navigation through self-supervised online learning},
  author={Sofman, Boris and Lin, Ellie and Bagnell, J Andrew and Cole, John and Vandapel, Nicolas and Stentz, Anthony},
  journal={Journal of Field Robotics},
  volume={23},
  number={11-12},
  pages={1059--1075},
  year={2006},
  publisher={Wiley Online Library}
}

@inproceedings{grollman2011donut,
  title={Donut as I do: Learning from failed demonstrations},
  author={Grollman, Daniel H and Billard, Aude},
  booktitle={Robotics and Automation (ICRA), Proceedings of the 2011 IEEE International Conference  
on},
  pages={3804--3809},
  year={2011},
}
@article{lynch1999dynamic,
  title={Dynamic nonprehensile manipulation: Controllability, planning, and experiments},
  author={Lynch, Kevin M and Mason, Matthew T},
  journal={The International Journal of Robotics Research},
  volume={18},
  number={1},
  pages={64--92},
  year={1999},
  publisher={SAGE Publications}
}
@inproceedings{ruiz2010prediction,
  title={Prediction of action outcomes using an object model},
  author={Ruiz-Ugalde, Federico and Cheng, Gordon and Beetz, Michael},
  booktitle={Intelligent Robots and Systems (IROS), Proceedings of the 2010 IEEE/RSJ International  Conference on},
  pages={1708--1713},
  year={2010},
}
@article{Chandola2009,
 author = {Chandola, Varun and Banerjee, Arindam and Kumar, Vipin},
 title = {Anomaly detection: A survey},
 journal = {ACM Computing Surveys (CSUR)},
 issue_date = {July 2009},
 volume = {41},
 number = {3},
 month = jul,
 year = {2009},
 issn = {0360-0300},
 pages = {15:1--15:58},
 articleno = {15},
 numpages = {58},
 url = {http://doi.acm.org/10.1145/1541880.1541882},
 doi = {10.1145/1541880.1541882},
 acmid = {1541882},
 publisher = {ACM},
 address = {New York, NY, USA},
 keywords = {Anomaly detection, outlier detection},
} 
@inproceedings{song2007statistical,
  title={Statistical change detection for multi-dimensional data},
  author={Song, Xiuyao and Wu, Mingxi and Jermaine, Christopher and Ranka, Sanjay},
  booktitle={Knowledge Discovery and Data Mining, Proceedings of the 13th ACM SIGKDD International Conference on},
  pages={667--676},
  year={2007},
}
@inproceedings{yamanishi2002unifying,
  title={A unifying framework for detecting outliers and change points from non-stationary time series data},
  author={Yamanishi, Kenji and Takeuchi, Jun-ichi},
  booktitle={Knowledge Discovery and Data Mining, Proceedings of the 8th ACM SIGKDD International Conference on},
  pages={676--681},
  year={2002},
}
@inproceedings{kifer2004detecting,
  title={Detecting change in data streams},
  author={Kifer, Daniel and Ben-David, Shai and Gehrke, Johannes},
  booktitle={Very Large Data Bases, Proceedings of the 30th International Conference on},
  volume={30},
  pages={180--191},
  year={2004},
}
@inproceedings{dasu2006information,
  title={An information-theoretic approach to detecting changes in multi-dimensional data streams},
  author={Dasu, Tamraparni and Krishnan, Shankar and Venkatasubramanian, Suresh and Yi, Ke},
  booktitle={Interface of Statistics, Computing Science, and Applications, Proceedings of the Symposium on},
  year={2006},
}
@inproceedings{aggarwal2003framework,
  title={A framework for diagnosing changes in evolving data streams},
  author={Aggarwal, Charu C},
  booktitle={Management of Data, Proceedings of the 2003 ACM SIGMOD International Conference on},
  pages={575--586},
  year={2003},
}
@ARTICLE{reist2012, 
  author={Reist, P. and D'Andrea, R.}, 
  journal={Robotics, IEEE Transactions on}, 
  title={Design and Analysis of a Blind Juggling Robot}, 
  year={2012}, 
  month={ }, 
  volume={PP}, 
  number={99}, 
  pages={1--16}, 
  keywords={}, 
  doi={10.1109/TRO.2012.2205493}, 
  ISSN={1552-3098},}
@INPROCEEDINGS{reist2009, 
  author={Reist, Philipp and D'Andrea, Raffaello}, 
  booktitle={Robotics and Automation (ICRA), Proceedings of the 2009 IEEE International Conference  on},
  title={Bouncing an Unconstrained Ball in Three Dimensions with a Blind Juggling Robot}, 
  year={2009}, 
  month={May}, 
  volume={}, 
  number={}, 
  pages={1774--1781}, 
  keywords={}, 
  doi={10.1109/ROBOT.2009.5152616}, 
  ISSN={1050-4729},}
@online{mason1996juggling,
  author = {Mason, Matt},
  title = {A Survey Of Robotic Juggling And Dynamic Manipulation},
  year = {1996},
  url = {http://www.juggling.org/help/misc/robots.html}
}
@inproceedings{mason1993dynamic,
  title={Dynamic manipulation},
  author={Mason, Matthew T and Lynch, Kevin M},
  booktitle={Intelligent Robots and Systems (IROS), Proceedings of the 1993 IEEE/RSJ International  
Conference on},
  volume={1},
  pages={152--159},
  year={1993},
}
@inproceedings{lepora2012embodied,
  title={Embodied hyperacuity from Bayesian perception: Shape and position discrimination with an iCub fingertip sensor},
  author={Lepora, Nathan F and Martinez-Hernandez, Uriel and Barron-Gonzalez, Hector and Evans, Mat and Metta, Giorgio and Prescott, Tony J},
  booktitle={Intelligent Robots and Systems (IROS), Proceedings of the 2012 IEEE/RSJ International Conference on},
  pages={4638--4643},
  year={2012},
}
@book{Sutton1998,
  title={Reinforcement learning: An Introduction},
  author={Sutton, Richard S and Barto, Andrew G},
  volume={1},
  number={1},
  year={1998},
  publisher={Cambridge Univ Press}
}
@inproceedings{Henrich1999,
  title={Manipulating deformable linear objects-Contact states and point contacts},
  author={Henrich, Dominik and Ogasawara, Tsukasa and Worn, H},
  booktitle={Assembly and Task Planning, 1999.(ISATP'99) Proceedings of the 1999 IEEE International Symposium on},
  pages={198--204},
  year={1999},
}
@inproceedings{Onda1995,
title={Assembly motion teaching system using position/force simulator extracting a sequence of contact state transition},
author={Onda, Hiromu and Hirukawa, Hirohisa and Takase, Kunikatsu},
booktitle={Intelligent Robots and Systems (IROS), Proceedings of the 1995 IEEE/RSJ International Conference on},
volume={1},
pages={9--16},
year={1995},
}
@inbook{Rescorla1972,
  address = {New York},
  author = {Rescorla, R. A. and Wagner, A. W.},
  booktitle = {Classical Conditioning II: Current Research and Theory},
  chapter = {3},
  citeulike-article-id = {4202925},
  editor = {Black, A. H. and Prokasy, W. F.},
  pages = {64--99},
  posted-at = {2009-03-21 16:43:37},
  priority = {2},
  publisher = {Appleton-Century-Crofts},
  title = {{A theory of Pavlovian conditioning: Variations in the effectiveness of reinforcement and nonreinforcement}},
  year = {1972}}

@article{Johansson1984,
  title={Roles of glabrous skin receptors and sensory memory in automatic control of precision grip when lifting rougher or more slippery objects},
  author={Johansson, RS and Westling, G},
  journal={Experimental Brain Research},
  volume={56},
  number={3},
  pages={550--564},
  year={1984},
  publisher={Springer}}
@article{Detry2011,
  Author = {R. Detry and D. Kraft and O. Kroemer and L. Bodenhagen and J. Peters and N. Krüger and J. Piater},
  Doi = {10.2478/s13230-011-0012-x},
  Journal = {Paladyn, Journal of Behavioral Robotics},
  Number = {1},
  Pages = {1--17},
  Title = {Learning Grasp Affordance Densities},
  Volume = {2},
  Year = {2011}}
@ARTICLE{Spall1998,
  author={Spall, J.C. and Cristion, John A.}, 
  journal={Automatic Control, IEEE Transactions on}, 
  title={Model-free control of nonlinear stochastic systems with discrete-time measurements}, 
  year={1998}, 
  volume={43}, 
  number={9}, 
  pages={1198-1210}, 
  ISSN={0018-9286},}
@article{Friedman1997,
  title={On bias, variance, 0/1—loss, and the curse-of-dimensionality},
  author={Friedman, Jerome H},
  journal={Data Mining and Knowledge Discovery},
  volume={1},
  number={1},
  pages={55--77},
  year={1997},
  publisher={Springer}
}
@article{Richardson1964,
  title={Imagery and mental practice},
  author={Start, Kenneth B and Richardson, Alan},
  journal={British Journal of Educational Psychology},
  volume={34},
  number={3},
  pages={280--284},
  year={1964},
  publisher={Wiley Online Library}
}
@inproceedings{Indyk1998,
  title={Approximate nearest neighbors: towards removing the curse of dimensionality},
  author={Indyk, Piotr and Motwani, Rajeev},
  booktitle={Theory of Computing, Proceedings of the 30th ACM Symposium on},
  pages={604--613},
  year={1998},
}
@article{Stone1990,
  title={Continuum regression: cross-validated sequentially constructed prediction embracing ordinary least squares, partial least squares and principal components regression},
  author={Stone, Mervyn and Brooks, Rodney J},
  journal={Journal of the Royal Statistical Society. Series B (Methodological)},
  pages={237--269},
  year={1990},
  publisher={JSTOR}
}
@inproceedings{Tobias1995,
  title={An introduction to partial least squares regression},
  author={Tobias, Randall D and others},
  booktitle={SAS Users Group International (SUGI), Proceedings of the 20th},
  address = {Orlando, FL, USA},
  pages={2--5},
  year={1995}
}
@INPROCEEDINGS{Tamimi2004, 
author={Tamimi, H. and Zell, A.}, 
title={Global visual localization of mobile robots using kernel principal component analysis}, 
booktitle={Intelligent Robots and Systems (IROS), Proceedings of the 2004 IEEE/RSJ International Conference on}, 
year={2004}, 
volume={2}, 
pages={1896-1901 vol.2}, 
doi={10.1109/IROS.2004.1389674},}
@book{Friedman2001,
  title={The elements of statistical learning},
  author={Friedman, Jerome and Hastie, Trevor and Tibshirani, Robert},
  volume={1},
  year={2001},
  publisher={Springer Series in Statistics}
}
@article{Schaal2002,
year={2002},
issn={0924-669X},
journal={Applied Intelligence},
volume={17},
issue={1},
doi={10.1023/A:1015727715131},
title={Scalable Techniques from Nonparametric Statistics for Real Time Robot Learning},
publisher={Kluwer Academic Publishers},
author={Schaal, Stefan and Atkeson, Christopher G. and Vijayakumar, Sethu},
pages={49-60},
language={English}
}
@inproceedings{Kolter2010,
  title={A probabilistic approach to mixed open-loop and closed-loop control, with application to extreme autonomous driving},
  author={Kolter, J Zico and Plagemann, Christian and Jackson, David T and Ng, Andrew Y and Thrun, Sebastian},
  booktitle={Robotics and Automation (ICRA), Proceedings of the 2010 IEEE International Conference on},
  pages={839--845},
  year={2010},
}
@INPROCEEDINGS{Lynch1999, 
author={Lynch, K.M.}, 
booktitle={Robotics and Automation (ICRA), Proceedings of the 1999 IEEE International Conference on}, 
title={Toppling manipulation}, 
year={1999}, 
month={}, 
volume={4}, 
number={}, 
pages={2551 -2557 vol.4}, 
doi={10.1109/ROBOT.1999.773981}, 
ISSN={1050-4729},}
@inproceedings{Lynch1998,
  title={Issues in nonprehensile manipulation},
  author={Lynch, Kevin M},
  booktitle={Robotics the Algorithmic perspective: The Third Workshop on the Algorithmic Foundations of Robotics},
  pages={237--250},
  year={1998},
}
@INPROCEEDINGS{Lozano-Perez1987, 
author={Lozano-Perez, T. and Jones, J. and Mazer, E. and O'Donnell, P. and Grimson, W. and Tournassoud, P. and Lanusse, A.}, 
booktitle={Robotics and Automation. Proceedings of the 1987 IEEE International Conference on}, 
title={Handey: A robot system that recognizes, plans, and manipulates}, 
year={1987}, 
month={mar}, 
volume={4}, 
number={}, 
pages={ 843 - 849}, 
doi={10.1109/ROBOT.1987.1087847}, 
ISSN={},}
@article{howe1993tactile,
author = {Howe, Robert D.},
title = {Tactile sensing and control of robotic manipulation},
journal = {Advanced Robotics},
volume = {8},
number = {3},
pages = {245-261},
year = {1993},
doi = {10.1163/156855394X00356},
}
@INPROCEEDINGS{Heidemann2004, 
author={Heidemann, G. and Schopfer, M.}, 
booktitle={Robotics and Automation (ICRA), Proceedings of the 2004 IEEE International Conference on}, 
title={Dynamic tactile sensing for object identification}, 
year={2004}, 
month={april}, 
volume={1}, 
number={}, 
pages={813--818}, 
doi={10.1109/ROBOT.2004.1307249}, 
ISSN={1050-4729},}
@INPROCEEDINGS{Steffen2007, 
author={Steffen, J. and Haschke, R. and Ritter, H.}, 
title={Experience-based and tactile-driven dynamic grasp control}, 
booktitle={Intelligent Robots and Systems (IROS), Proceedings of the 2007 IEEE/RSJ International Conference on}, 
year={2007}, 
month={Nov}, 
volume={}, 
number={}, 
pages={2938 -2943}, 
doi={10.1109/IROS.2007.4398960}, 
ISSN={},}
@INPROCEEDINGS{Zhang2012, 
author={Yuan-Fei Zhang and Hong Liu}, 
booktitle={Intelligent Robots and Systems (IROS), 2012 IEEE/RSJ International Conference on}, title={Tactile sensor based varying contact point manipulation strategy for dexterous robot hand manipulating unknown objects}, 
year={2012}, 
month={Oct}, 
volume={}, 
number={}, 
pages={4756 -4761}, 
doi={10.1109/IROS.2012.6385465}, 
ISSN={2153-0858},}
@INPROCEEDINGS{Rambow2012, 
author={Rambow, M. and Schauss, T. and Buss, M. and Hirche, S.}, 
booktitle={Intelligent Robots and Systems (IROS), 2012 IEEE/RSJ International Conference on}, title={Autonomous manipulation of deformable objects based on teleoperated demonstrations}, 
year={2012}, 
month={oct.}, 
volume={}, 
number={}, 
pages={2809--2814}, 
doi={10.1109/IROS.2012.6386002}, 
ISSN={2153-0858},}
@inproceedings{Smart2002,
author = {Smart, W.D. and {Pack Kaelbling}, L.},
title = {Effective reinforcement learning for mobile robots},
booktitle = {Robotics and Automation (ICRA), Proceedings of the 2002 IEEE International Conference on},
month = {May},
pages = {3404--3410},
publisher = {Ieee},
volume = {4},
year = {2002}
}
@INPROCEEDINGS{Goel2000, 
author={Goel, P. and Dedeoglu, G. and Roumeliotis, S.I. and Sukhatme, G.S.}, 
booktitle={Robotics and Automation (ICRA), Proceedings of the 2000 IEEE International Conference on}, 
title={Fault detection and identification in a mobile robot using multiple model estimation and neural network}, 
year={2000}, 
month={}, 
volume={3}, 
number={}, 
pages={2302--2309}, 
doi={10.1109/ROBOT.2000.846370}, 
ISSN={1050-4729},
}
@INPROCEEDINGS{Pastor2011, 
author={Pastor, Peter and Righetti, Ludovic and Kalakrishnan, Mrinal and Schaal, Stefan}, 
booktitle={Intelligent Robots and Systems (IROS), 2011 IEEE/RSJ International Conference on}, title={Online movement adaptation based on previous sensor experiences}, 
year={2011}, 
month={Sep}, 
volume={}, 
number={}, 
pages={365--371}, 
doi={10.1109/IROS.2011.6095059}, 
ISSN={2153-0858},}
@book{zubarev1974nonequilibrium,
  title={Nonequilibrium statistical thermodynamics},
  author={Zubarev, Dmitrii Nikolaevich and Gray, P and Shepherd, PJ},
  year={1974},
  publisher={Consultants Bureau New York}
}
@article{dayan2008decision,
  title={Decision theory, reinforcement learning, and the brain},
  author={Dayan, Peter and Daw, Nathaniel D},
  journal={Cognitive, Affective, \& Behavioral Neuroscience},
  volume={8},
  number={4},
  pages={429--453},
  year={2008},
  publisher={Springer}
}
@inproceedings{dang2012tactile,
  title={Tactile experience-based robotic grasping},
  author={Dang, Hao and Allen, Peter K},
  booktitle={Workshop on Advances in Tactile Sensing and Touch based Human-Robot Interaction (HRI)},
  year={2012}
}
@inproceedings{felip2011emptying,
  title={Emptying the box using blind haptic manipulation primitives},
  author={Felip, Javier and Bernab{\'e}, Jose and Morales, Antonio},
  booktitle={Intelligent Robots and Systems (IROS), Proceedings of the 2011 IEEE/RSJ International Conference on},
  year={2011}
}
@inproceedings{leoni1998implementing,
  title={Implementing robotic grasping tasks using a biological approach},
  author={Leoni, Fabio and Guerrini, Massimo and Laschi, Cecilia and Taddeucci, Davide and Dario, Paolo and Starita, Antonina},
  booktitle={Robotics and Automation (ICRA), Proceedings of the 1998 IEEE International Conference on},
  volume={3},
  pages={2274--2280},
  year={1998},
}
@inproceedings{ring1968paper,
  title={Paper 8: A Self-Adaptive Gripping Device: Its Design and Performance},
  author={Ring, ND and Welbourn, DB},
  booktitle={Institution of Mechanical Engineers, Proceedings of the},
  volume={183},
  pages={45--49},
  year={1968},
}
@inproceedings{dang2011blind,
  title={Blind grasping: Stable robotic grasping using tactile feedback and hand kinematics},
  author={Dang, Hao and Weisz, Jonathan and Allen, Peter K},
  booktitle={Robotics and Automation (ICRA), Proceedings of the 2011 IEEE International Conference on},
  pages={5917--5922},
  year={2011},
}
@article{romano2011human,
  title={Human-inspired robotic grasp control with tactile sensing},
  author={Romano, Joseph M and Hsiao, Kaijen and Niemeyer, G{\"u}nter and Chitta, Sachin and Kuchenbecker, Katherine J},
  journal={Robotics, IEEE Transactions on},
  volume={27},
  number={6},
  pages={1067--1079},
  year={2011},
  publisher={IEEE}
}
@incollection{sikka1994tactile,
  title={Tactile servo: Control of touch-driven robot motion},
  author={Sikka, Pavan and Zhang, Hong and Sutphen, Steve},
  booktitle={Experimental Robotics III},
  pages={219--233},
  year={1994},
  publisher={Springer}
}
@article{kohonen1990self,
  title={The self-organizing map},
  author={Kohonen, Teuvo},
  journal={Proceedings of the IEEE},
  volume={78},
  number={9},
  pages={1464--1480},
  year={1990},
  publisher={IEEE}
}
@inproceedings{steffen2007experience,
  title={Experience-based and tactile-driven dynamic grasp control},
  author={Steffen, Jan and Haschke, Robert and Ritter, Helge},
  booktitle={Intelligent Robots and Systems (IROS), Proceedings of the 2007 IEEE/RSJ     International Conference on},
  pages={2938--2943},
  year={2007},
}
@inproceedings{ratnasingam2011object,
  title={Object recognition based on tactile form perception},
  author={Ratnasingam, Sivalogeswaran and McGinnity, TM},
  booktitle={Robotic Intelligence In Informationally Structured Space (RiiSS), 2011 IEEE Workshop on},
  pages={26--31},
  year={2011},
}
@inproceedings{ratnasingam2011spiking,
  title={A spiking neural network for tactile form based object recognition},
  author={Ratnasingam, Sivalogeswaran and McGinnity, T Martin},
  booktitle={Neural Networks (IJCNN), The 2011 International Joint Conference on},
  pages={880--885},
  year={2011},
}
@incollection{cutkosky2008force,
year={2008},
booktitle={Springer Handbook of Robotics},
editor={Siciliano, Bruno and Khatib, Oussama},
title={Force and Tactile Sensors},
publisher={Springer Berlin Heidelberg},
author={Cutkosky, Mark R. and Howe, Robert D. and Provancher, William R.},
pages={455--476},
language={English}
}
@article{johansson2001eye,
  title={Eye-hand coordination in object manipulation},
  author={Johansson, Roland S and Westling, G{\"o}ran and B{\"a}ckstr{\"o}m, Anders and Flanagan, J Randall},
  journal={Neuroscience},
  volume={21},
  number={17},
  pages={6917--6932},
  year={2001},
  publisher={Soc Neuroscience}
}
@inproceedings{scilingo2004perception,
  title={Perception of visual and tactile flow activates common cortical areas in the human brain},
  booktitle={EuroHaptics 2004, Proceedings of},
  author={Scilingo, ClaudioGentili and Sani, Lorenzo and Positano, Vincenzo and Santarelli, Filomena M and Guazzelli, Mario and Haxby, James V and Landini, Luigi and Bicchi, Antonio and Pietrini, Pietro},
  pages={290--292},
  year={2004},
}
@article{lee1999review,
  title={Tactile sensing for mechatronics—a state of the art survey},
  author={Lee, Mark H and Nicholls, Howard R},
  journal={Mechatronics},
  volume={9},
  number={1},
  pages={1--31},
  year={1999},
  publisher={Elsevier}
}
@article{tegin2005tactile,
  title={Tactile sensing in intelligent robotic manipulation--a review},
  author={Tegin, Johan and Wikander, Jan},
  journal={Industrial Robot},
  volume={32},
  number={1},
  pages={64--70},
  year={2005},
  publisher={Emerald Group Publishing Limited}
}
@incollection{fearing1990tactile,
  title={Tactile sensing for shape interpretation},
  author={Fearing, Ronald S},
  booktitle={Dextrous robot hands},
  pages={209--238},
  year={1990},
  publisher={Springer}
}
@inproceedings{overton1981tactile,
  title={Tactile Sensation for Robots.},
  author={Overton, Kenneth J and Williams, Thomas},
  booktitle={Artificial Intelligence (IJCAI), International Joint Conferences on},
  pages={791--795},
  year={1981},
}
@inproceedings{siegel1991finding,
  title={Finding the pose of an object in a hand},
  author={Siegel, David M},
  booktitle = {Robotics and Automation (ICRA), Proceedings of the 1991 IEEE International Conference on},
  pages={406--411},
  year={1991},
}
@inproceedings{muthukrishnan1987edge,
  title={Edge detection in tactile images},
  author={Muthukrishnan, Chellappa and Smith, David and Myers, Donald and Rebman, Jack and Koivo, Antti},
  booktitle = {Robotics and Automation (ICRA), Proceedings of the 1987 IEEE International Conference on},
  volume={4},
  pages={1500--1505},
  year={1987},
}
@inproceedings{tremblay1993estimating,
  title={Estimating friction using incipient slip sensing during a manipulation task},
  author={Tremblay, Marc R and Cutkosky, Mark R},
  booktitle = {Robotics and Automation (ICRA), Proceedings of the 1993 IEEE International Conference on},
  pages={429--434},
  year={1993},
}
@incollection{cutkosky1990human,
  title={Human grasp choice and robotic grasp analysis},
  author={Cutkosky, Mark R and Howe, Robert D},
  booktitle={Dextrous robot hands},
  pages={5--31},
  year={1990},
  publisher={Springer}
}
@article{cutkosky1989grasp,
  title={On grasp choice, grasp models, and the design of hands for manufacturing tasks},
  author={Cutkosky, Mark R},
  journal={Robotics and Automation, IEEE Transactions on},
  volume={5},
  number={3},
  pages={269--279},
  year={1989},
  publisher={IEEE}
}
@article{johansson1994grasp,
  title={Grasp stability during manipulative actions},
  author={Johansson, Roland S and Cole, Kelly J},
  journal={Physiology and Pharmacology, Canadian journal of},
  volume={72},
  number={5},
  pages={511--524},
  year={1994},
  publisher={NRC Research Press}
}
@article{flanagan2003action,
  title={Action plans used in action observation},
  author={Flanagan, J Randall and Johansson, Roland S},
  journal={Nature},
  volume={424},
  number={6950},
  pages={769--771},
  year={2003},
  publisher={Nature Publishing Group}
}
@article{flanagan2006control,
  title={Control strategies in object manipulation tasks},
  author={Flanagan, J Randall and Bowman, Miles C and Johansson, Roland S},
  journal={Current Opinion in Neurobiology},
  volume={16},
  number={6},
  pages={650--659},
  year={2006},
  publisher={Elsevier}
}
@inproceedings{bicchi2003haptic,
  title={Haptic illusions induced by tactile flow},
  author={Bicchi, Antonio and Dente, Davide and Scilingo, Enzo Pasquale},
  booktitle={EuroHaptics, Proceedings of},
  pages={314--329},
  year={2003}
}
@article{johansson2009coding,
  title={Coding and use of tactile signals from the fingertips in object manipulation tasks},
  author={Johansson, Roland S and Flanagan, J Randall},
  journal={Nature Reviews Neuroscience},
  volume={10},
  number={5},
  pages={345--359},
  year={2009},
  publisher={Nature Publishing Group}
}
@article{vallbo1984properties,
  title={Properties of cutaneous mechanoreceptors in the human hand related to touch sensation},
  author={Vallbo, {\AA} B and Johansson, RS and others},
  journal={Human Neurobiology},
  volume={3},
  number={1},
  pages={3--14},
  year={1984}
}
@inproceedings{kaneko1991new,
  title={A new consideration on tendon-tension control system of robot hands},
  author={Kaneko, Makoto and Wada, M and Maekawa, H and Tanie, K},
booktitle = {Robotics and Automation (ICRA), Proceedings of the 1991 IEEE International Conference on},
  pages={1028--1033},
  year={1991},
}
@article{burstedt1997coordination,
  title={Coordination of fingertip forces during human manipulation can emerge from independent neural networks controlling each engaged digit},
  author={Burstedt, MKO and Edin, Benoni B and Johansson, Roland S},
  journal={Experimental Brain Research},
  volume={117},
  number={1},
  pages={67--79},
  year={1997},
  publisher={Springer}
}
@article{hopfield1995pattern,
  title={Pattern recognition computation using action potential timing for stimulus representation},
  author={Hopfield, JJ},
  journal={Nature},
  volume={376},
  number={6535},
  pages={33--36},
  year={1995}
}
@article{napier1956prehensile,
  title={The prehensile movements of the human hand},
  author={Napier, John R},
  journal={Journal of bone and Joint surgery},
  volume={38},
  number={4},
  pages={902--913},
  year={1956},
}
@article{gorniak2010manipulation,
  title={Manipulation of a fragile object},
  author={Gorniak, Stacey L and Zatsiorsky, Vladimir M and Latash, Mark L},
  journal={Experimental brain research},
  volume={202},
  number={2},
  pages={413--430},
  year={2010},
  publisher={Springer}
}
@phdthesis{chinellato2008visual,
  title={Visual neuroscience of robotic grasping},
  author={Chinellato, Eris},
  year={2008},
  school={Universitat Jaume I}
}
@inproceedings{nakamura1987mechanics,
  title={Mechanics of coordinative manipulation by multiple robotic mechanisms},
  author={Nakamura, Yoshihiko and Nagai, Kiyoshi and Yoshikawa, Tsuneo},
  booktitle = {Robotics and Automation (ICRA), Proceedings of the 1987 IEEE International Conference on},
  volume={4},
  pages={991--998},
  year={1987},
}
@article{penfield1950cerebral,
  title={The cerebral cortex of man; a clinical study of localization of function.},
  author={Penfield, Wilder and Rasmussen, Theodore},
  year={1950},
  publisher={Macmillan}
}
@article{elliott1984classification,
  title={A classification of manipulative hand movements},
  author={Elliott, John M and Connolly, KJ},
  journal={Developmental Medicine \& Child Neurology},
  volume={26},
  number={3},
  pages={283--296},
  year={1984},
  publisher={Wiley Online Library}
}
@inproceedings{okamura2000overview,
  title={An overview of dexterous manipulation},
  author={Okamura, Allison M and Smaby, Niels and Cutkosky, Mark R},
  booktitle={Robotics and Automation (ICRA), Proceedings of the 2000 IEEE International Conference on},
  volume={1},
  pages={255--262},
  year={2000},
}
